@article{quadros2012,
  title={Tonic immobility in terrestrial isopods: intraspecific and interspecific variability},
  author={Quadros, Aline Ferreira and Bugs, Priscila Silva and Araujo, Paula Beatriz},
  journal={ZooKeys},
  number={176},
  pages={155},
  year={2012},
  publisher={Pensoft Publishers}
}

@article{hoagland1927,
  title={Quantitative aspects of tonic immobility in vertebrates},
  author={Hoagland, Hudson},
  journal={Proceedings of the National Academy of Sciences of the United States of America},
  volume={13},
  number={12},
  pages={838},
  year={1927},
  publisher={National Academy of Sciences}
}